@article{hinton2015distilling,
  title   = {Distilling the knowledge in a neural network},
  author  = {Hinton, Geoffrey and Vinyals, Oriol and Dean, Jeff},
  journal = {arXiv preprint arXiv:1503.02531},
  year    = {2015}
}
@inproceedings{Ahn_2019_CVPR,
  author    = {Ahn, Sungsoo and Hu, Shell Xu and Damianou, Andreas and Lawrence, Neil D. and Dai, Zhenwen},
  title     = {Variational Information Distillation for Knowledge Transfer},
  booktitle = {Proceedings of the IEEE/CVF Conference on Computer Vision and Pattern Recognition (CVPR)},
  month     = {June},
  year      = {2019}
}
@article{LopezPaz2015UnifyingDA,
  title   = {Unifying distillation and privileged information},
  author  = {David Lopez-Paz and L{\'e}on Bottou and Bernhard Sch{\"o}lkopf and Vladimir Naumovich Vapnik},
  journal = {CoRR},
  year    = {2015},
  volume  = {abs/1511.03643}
}
@inproceedings{passalis2020heterogeneous,
  title     = {Heterogeneous knowledge distillation using information flow modeling},
  author    = {Passalis, Nikolaos and Tzelepi, Maria and Tefas, Anastasios},
  booktitle = {Proceedings of the IEEE/CVF Conference on Computer Vision and Pattern Recognition},
  pages     = {2339--2348},
  year      = {2020}
}
@article{barber2004algorithm,
  title   = {The im algorithm: a variational approach to information maximization},
  author  = {Barber, David and Agakov, Felix},
  journal = {Advances in neural information processing systems},
  volume  = {16},
  number  = {320},
  pages   = {201},
  year    = {2004}
}
@article{gorpinich2022gradient,
  title     = {Gradient Methods for Optimizing Metaparameters in the Knowledge Distillation Problem},
  author    = {Gorpinich, M and Bakhteev, O Yu and Strijov, VV},
  journal   = {Automation and Remote Control},
  volume    = {83},
  number    = {10},
  pages     = {1544--1554},
  year      = {2022},
  publisher = {Springer}
}
@inproceedings{mirzadeh2020improved,
  title     = {Improved knowledge distillation via teacher assistant},
  author    = {Mirzadeh, Seyed Iman and Farajtabar, Mehrdad and Li, Ang and Levine, Nir and Matsukawa, Akihiro and Ghasemzadeh, Hassan},
  booktitle = {Proceedings of the AAAI conference on artificial intelligence},
  volume    = {34},
  number    = {04},
  pages     = {5191--5198},
  year      = {2020}
}
